%% This BibTeX bibliography file was created using BibDesk.
%% http://bibdesk.sourceforge.net/


%% Created for Boris Lykke Nielsen at 2014-04-25 12:18:10 +0200 


%% Saved with string encoding Unicode (UTF-8) 



@article{Vickers2012,
	Author = {Vickers, Paul},
	Date-Added = {2014-04-25 10:17:32 +0000},
	Date-Modified = {2014-04-25 10:17:32 +0000},
	Journaltitle = {Journal of Sonic Studies},
	Month = {May},
	Number = {1},
	Title = {WAYS OF LISTENING AND MODES OF BEING: Electroacoustic Auditory Display},
	Url = {http://journal.sonicstudies.org/vol02/nr01/a04},
	Volume = {2},
	Year = {2012},
	Bdsk-Url-1 = {http://journal.sonicstudies.org/vol02/nr01/a04}}

@article{Feder2012,
	Author = {Toni Feder},
	Date-Added = {2014-04-25 09:06:33 +0000},
	Date-Modified = {2014-04-25 09:11:04 +0000},
	Doi = {10.1063/PT.3.1550},
	Issue = {5},
	Journaltitle = {Physics Today},
	Month = {May},
	Pages = {20-22},
	Title = {Shhhh. Listen to the data},
	Url = {http://scitation.aip.org/content/aip/magazine/physicstoday/article/65/5/10.1063/PT.3.1550},
	Volume = {65},
	Year = {2012},
	Bdsk-Url-1 = {http://scitation.aip.org/content/aip/magazine/physicstoday/article/65/5/10.1063/PT.3.1550},
	Bdsk-Url-2 = {http://dx.doi.org/10.1063/PT.3.1550}}

@www{Wiki2014-1,
	Author = {Wikipedia},
	Date-Added = {2014-04-23 15:15:35 +0000},
	Date-Modified = {2014-04-23 15:16:43 +0000},
	Editor = {Wikipedia},
	Title = {Weather forecasting},
	Url = {http://en.wikipedia.org/wiki/Weather_forecasting},
	Year = {2014},
	Bdsk-Url-1 = {http://en.wikipedia.org/wiki/Weather_forecasting}}

@book{Hermann2011,
	Author = {Thomas Hermann and Andy Hunt and John G. Neuhoff},
	Date-Added = {2014-04-23 11:58:07 +0000},
	Date-Modified = {2014-04-23 12:06:03 +0000},
	Edition = {1.},
	Isbn = {978-3-8325-2819-5},
	Language = {English},
	Location = {Berlin},
	Pagetotal = {586},
	Publisher = {Logos Publishing House},
	Title = {The Sonification Handbook},
	Url = {http://sonification.de/handbook/},
	Year = {2011},
	Bdsk-Url-1 = {http://sonification.de/handbook/}}

@article{McGookin2004,
	Author = {David K. McGookin and Stephen A. Brewster},
	Date-Added = {2014-04-23 10:17:03 +0000},
	Date-Modified = {2014-04-23 10:22:02 +0000},
	Doi = {10.1145/1024083.1024087},
	Issue = {2},
	Journaltitle = {ACM Transactions on Applied Perception (TAP)},
	Month = {October},
	Pages = {130-155},
	Title = {Understanding concurrent earcons: Applying auditory scene analysis principles to concurrent earcon recognition},
	Url = {http://dl.acm.org/citation.cfm?doid=1024083.1024087},
	Volume = {1},
	Year = {2004},
	Bdsk-Url-1 = {http://dl.acm.org/citation.cfm?doid=1024083.1024087},
	Bdsk-Url-2 = {http://dx.doi.org/10.1145/1024083.1024087}}

@www{Girvin2005,
	Author = {Ray Girvin},
	Date-Added = {2014-04-22 13:29:49 +0000},
	Date-Modified = {2014-04-22 13:37:20 +0000},
	Editor = {N/A},
	Month = {March},
	Title = {Sound Sense},
	Url = {http://www.scientific-computing.com/features/feature.php?feature_id=58},
	Year = {2005},
	Bdsk-Url-1 = {http://www.scientific-computing.com/features/feature.php?feature_id=58}}

@article{Barrass1999,
	Author = {Stephen Barrass and Gregory Kramer},
	Date-Added = {2014-04-22 11:23:51 +0000},
	Date-Modified = {2014-04-22 11:33:24 +0000},
	Journaltitle = {Multimedia Systems},
	Number = {7},
	Pages = {23-31},
	Title = {Using Sonification},
	Year = {1999}}

@article{Barrass1998,
	Author = {Barrass, Stephen},
	Journal = {Csound Textbook. MIT Press, Cambridge, Mass},
	Title = {Some golden rules for designing auditory displays},
	Year = {1998}}

@article{walker2011,
  title={2 Theory of Sonification},
  author={Walker, Bruce N and Nees, Michael A},
  year={2011}
}